
    <marc:record>
        <marc:leader>04096cpcaa2200529Ii 4500</marc:leader>
        <marc:controlfield tag="001">002423872</marc:controlfield>
        <marc:controlfield tag="005">20200430091113.0</marc:controlfield>
        <marc:controlfield tag="008">980320i18411845nyu                 eng d</marc:controlfield>
        <marc:datafield tag="035" ind1=" " ind2=" ">
            <marc:subfield code="a">38754441</marc:subfield>
        </marc:datafield>
        <marc:datafield tag="040" ind1=" " ind2=" ">
            <marc:subfield code="a">NDD</marc:subfield>
            <marc:subfield code="b">eng</marc:subfield>
            <marc:subfield code="e">rda</marc:subfield>
            <marc:subfield code="e">dacs</marc:subfield>
            <marc:subfield code="c">NDD</marc:subfield>
            <marc:subfield code="d">OCL</marc:subfield>
            <marc:subfield code="d">OCLCQ</marc:subfield>
            <marc:subfield code="d">OCLCG</marc:subfield>
            <marc:subfield code="d">OCLCQ</marc:subfield>
            <marc:subfield code="d">OCLCO</marc:subfield>
            <marc:subfield code="d">OCLCF</marc:subfield>
            <marc:subfield code="d">OCLCA</marc:subfield>
            <marc:subfield code="d">OCL</marc:subfield>
            <marc:subfield code="d">NDD</marc:subfield>
        </marc:datafield>
        <marc:datafield tag="041" ind1=" " ind2=" ">
            <marc:subfield code="a">eng</marc:subfield>
        </marc:datafield>
        <marc:datafield tag="043" ind1=" " ind2=" ">
            <marc:subfield code="a">n-us---</marc:subfield>
            <marc:subfield code="a">f------</marc:subfield>
            <marc:subfield code="a">f-lb---</marc:subfield>
        </marc:datafield>
        <marc:datafield tag="049" ind1=" " ind2=" ">
            <marc:subfield code="a">NDDP</marc:subfield>
        </marc:datafield>
        <marc:datafield tag="100" ind1="1" ind2=" ">
            <marc:subfield code="a">Huntington, Henry,</marc:subfield>
            <marc:subfield code="d">1766-1846,</marc:subfield>
            <marc:subfield code="0">http://id.loc.gov/authorities/names/n85337421</marc:subfield>
            <marc:subfield code="e">correspondent.</marc:subfield>
        </marc:datafield>
        <marc:datafield tag="245" ind1="1" ind2="0">
            <marc:subfield code="a">Henry Huntington papers,</marc:subfield>
            <marc:subfield code="f">1841-1845.</marc:subfield>
        </marc:datafield>
        <marc:datafield tag="300" ind1=" " ind2=" ">
            <marc:subfield code="a">12 items</marc:subfield>
        </marc:datafield>
        <marc:datafield tag="336" ind1=" " ind2=" ">
            <marc:subfield code="a">text</marc:subfield>
            <marc:subfield code="b">txt</marc:subfield>
            <marc:subfield code="2">rdacontent</marc:subfield>
        </marc:datafield>
        <marc:datafield tag="337" ind1=" " ind2=" ">
            <marc:subfield code="a">unmediated</marc:subfield>
            <marc:subfield code="b">n</marc:subfield>
            <marc:subfield code="2">rdamedia</marc:subfield>
        </marc:datafield>
        <marc:datafield tag="338" ind1=" " ind2=" ">
            <marc:subfield code="a">sheet</marc:subfield>
            <marc:subfield code="b">nb</marc:subfield>
            <marc:subfield code="2">rdacarrier</marc:subfield>
        </marc:datafield>
        <marc:datafield tag="545" ind1=" " ind2=" ">
            <marc:subfield code="a">Henry Huntington was a benefactor of the American Colonization Society; resident of Rome, Oneida County, New York.</marc:subfield>
        </marc:datafield>
        <marc:datafield tag="520" ind1="8" ind2=" ">
            <marc:subfield code="a">Collection includes letters appealing for financial support from Huntington for the American Colonization Society, most of them from Rev. Alexander Moncrief Proudfit, Corresponding Secretary of the New York Chapter of the Society. Huntington writes of the schism in churches between supporters of the colonization movement and some who feel the Society is a proslavery organization. Proudfit writes about the work that Huntington's money is going toward, such as transportation for the Governor of Liberia to sail from colony to colony. Enclosed in one of Proudfit's letters is a circular with a letter from Samuel Benedict, who had migrated from Georgia to Liberia. Proudfit appeals for money in other letters and he also includes another letter from a former slave. One circular letter is from Nathaniel Shatswell Dodge, Agent of the American Colonization Society. The collection holds a great deal of information on the work of the Society in Liberia. Two clippings are also included.</marc:subfield>
        </marc:datafield>
        <marc:datafield tag="500" ind1=" " ind2=" ">
            <marc:subfield code="a">Cataloged from manual record.</marc:subfield>
        </marc:datafield>
        <marc:datafield tag="600" ind1="1" ind2="0">
            <marc:subfield code="a">Benedict, Samuel.</marc:subfield>
            <marc:subfield code="0">http://id.loc.gov/authorities/names/nr2001016438</marc:subfield>
        </marc:datafield>
        <marc:datafield tag="600" ind1="1" ind2="0">
            <marc:subfield code="a">Huntington, Henry,</marc:subfield>
            <marc:subfield code="d">1766-1846.</marc:subfield>
            <marc:subfield code="0">http://id.loc.gov/authorities/names/n85337421</marc:subfield>
        </marc:datafield>
        <marc:datafield tag="600" ind1="1" ind2="0">
            <marc:subfield code="a">Proudfit, Alexander,</marc:subfield>
            <marc:subfield code="d">1770-1843.</marc:subfield>
            <marc:subfield code="0">http://id.loc.gov/authorities/names/n85253148</marc:subfield>
        </marc:datafield>
        <marc:datafield tag="610" ind1="2" ind2="0">
            <marc:subfield code="a">American Colonization Society.</marc:subfield>
            <marc:subfield code="0">http://id.loc.gov/authorities/names/n78081197</marc:subfield>
        </marc:datafield>
        <marc:datafield tag="650" ind1=" " ind2="0">
            <marc:subfield code="a">Slavery and the church.</marc:subfield>
            <marc:subfield code="0">http://id.loc.gov/authorities/subjects/sh85123343</marc:subfield>
        </marc:datafield>
        <marc:datafield tag="650" ind1=" " ind2="0">
            <marc:subfield code="a">Benefactors</marc:subfield>
            <marc:subfield code="0">http://id.loc.gov/authorities/subjects/sh85013127</marc:subfield>
            <marc:subfield code="z">United States</marc:subfield>
            <marc:subfield code="0">http://id.loc.gov/authorities/names/n78095330</marc:subfield>
            <marc:subfield code="v">Correspondence.</marc:subfield>
            <marc:subfield code="0">http://id.loc.gov/authorities/subjects/sh99001488</marc:subfield>
        </marc:datafield>
        <marc:datafield tag="650" ind1=" " ind2="0">
            <marc:subfield code="a">Colonization.</marc:subfield>
            <marc:subfield code="0">http://id.loc.gov/authorities/subjects/sh85028571</marc:subfield>
        </marc:datafield>
        <marc:datafield tag="650" ind1=" " ind2="0">
            <marc:subfield code="a">African Americans</marc:subfield>
            <marc:subfield code="x">Colonization</marc:subfield>
            <marc:subfield code="z">Africa.</marc:subfield>
            <marc:subfield code="0">http://id.loc.gov/authorities/subjects/sh85001938</marc:subfield>
        </marc:datafield>
        <marc:datafield tag="651" ind1=" " ind2="0">
            <marc:subfield code="a">Liberia</marc:subfield>
            <marc:subfield code="0">http://id.loc.gov/authorities/names/n79060233</marc:subfield>
            <marc:subfield code="x">Colonization.</marc:subfield>
            <marc:subfield code="0">http://id.loc.gov/authorities/subjects/sh99005562</marc:subfield>
        </marc:datafield>
        <marc:datafield tag="600" ind1="1" ind2="7">
            <marc:subfield code="a">Benedict, Samuel.</marc:subfield>
            <marc:subfield code="2">fast</marc:subfield>
            <marc:subfield code="0">http://id.worldcat.org/fast/465738</marc:subfield>
        </marc:datafield>
        <marc:datafield tag="600" ind1="1" ind2="7">
            <marc:subfield code="a">Huntington, Henry,</marc:subfield>
            <marc:subfield code="d">1766-1846.</marc:subfield>
            <marc:subfield code="2">fast</marc:subfield>
            <marc:subfield code="0">http://id.worldcat.org/fast/171031</marc:subfield>
        </marc:datafield>
        <marc:datafield tag="600" ind1="1" ind2="7">
            <marc:subfield code="a">Proudfit, Alexander,</marc:subfield>
            <marc:subfield code="d">1770-1843.</marc:subfield>
            <marc:subfield code="2">fast</marc:subfield>
            <marc:subfield code="0">http://id.worldcat.org/fast/180469</marc:subfield>
        </marc:datafield>
        <marc:datafield tag="610" ind1="2" ind2="7">
            <marc:subfield code="a">American Colonization Society.</marc:subfield>
            <marc:subfield code="2">fast</marc:subfield>
            <marc:subfield code="0">http://id.worldcat.org/fast/528133</marc:subfield>
        </marc:datafield>
        <marc:datafield tag="650" ind1=" " ind2="7">
            <marc:subfield code="a">African Americans</marc:subfield>
            <marc:subfield code="x">Colonization.</marc:subfield>
            <marc:subfield code="2">fast</marc:subfield>
            <marc:subfield code="0">http://id.worldcat.org/fast/799587</marc:subfield>
        </marc:datafield>
        <marc:datafield tag="650" ind1=" " ind2="7">
            <marc:subfield code="a">Benefactors.</marc:subfield>
            <marc:subfield code="2">fast</marc:subfield>
            <marc:subfield code="0">http://id.worldcat.org/fast/830324</marc:subfield>
        </marc:datafield>
        <marc:datafield tag="650" ind1=" " ind2="7">
            <marc:subfield code="a">Colonization.</marc:subfield>
            <marc:subfield code="2">fast</marc:subfield>
            <marc:subfield code="0">http://id.worldcat.org/fast/868483</marc:subfield>
        </marc:datafield>
        <marc:datafield tag="650" ind1=" " ind2="7">
            <marc:subfield code="a">Slavery and the church.</marc:subfield>
            <marc:subfield code="2">fast</marc:subfield>
            <marc:subfield code="0">http://id.worldcat.org/fast/1120512</marc:subfield>
        </marc:datafield>
        <marc:datafield tag="651" ind1=" " ind2="7">
            <marc:subfield code="a">Africa.</marc:subfield>
            <marc:subfield code="2">fast</marc:subfield>
            <marc:subfield code="0">http://id.worldcat.org/fast/1239509</marc:subfield>
        </marc:datafield>
        <marc:datafield tag="651" ind1=" " ind2="7">
            <marc:subfield code="a">Liberia.</marc:subfield>
            <marc:subfield code="2">fast</marc:subfield>
            <marc:subfield code="0">http://id.worldcat.org/fast/1205331</marc:subfield>
        </marc:datafield>
        <marc:datafield tag="651" ind1=" " ind2="7">
            <marc:subfield code="a">United States.</marc:subfield>
            <marc:subfield code="2">fast</marc:subfield>
            <marc:subfield code="0">http://id.worldcat.org/fast/1204155</marc:subfield>
        </marc:datafield>
        <marc:datafield tag="655" ind1=" " ind2="7">
            <marc:subfield code="a">Personal correspondence.</marc:subfield>
            <marc:subfield code="2">fast</marc:subfield>
            <marc:subfield code="0">http://id.worldcat.org/fast/1919948</marc:subfield>
        </marc:datafield>
        <marc:datafield tag="700" ind1="1" ind2=" ">
            <marc:subfield code="a">Proudfit, Alexander,</marc:subfield>
            <marc:subfield code="d">1770-1843.</marc:subfield>
            <marc:subfield code="0">http://id.loc.gov/authorities/names/n85253148</marc:subfield>
        </marc:datafield>
        <marc:datafield tag="700" ind1="1" ind2=" ">
            <marc:subfield code="a">Dodge, N. S.</marc:subfield>
            <marc:subfield code="q">(Nathaniel Shatswell),</marc:subfield>
            <marc:subfield code="d">1810-1874.</marc:subfield>
            <marc:subfield code="0">http://id.loc.gov/authorities/names/no92006534</marc:subfield>
        </marc:datafield>
        <marc:datafield tag="700" ind1="1" ind2=" ">
            <marc:subfield code="a">Benedict, Samuel.</marc:subfield>
            <marc:subfield code="0">http://id.loc.gov/authorities/names/nr2001016438</marc:subfield>
        </marc:datafield>
        <marc:datafield tag="905" ind1=" " ind2=" ">
            <marc:subfield code="a">MARCIVE 20200818</marc:subfield>
        </marc:datafield>
    </marc:record>