
    <marc:record>
        <marc:leader>01087cpcaa2200265Ii 4500</marc:leader>
        <marc:controlfield tag="001">002566216</marc:controlfield>
        <marc:controlfield tag="005">20200429095011.0</marc:controlfield>
        <marc:controlfield tag="008">990414s1876    mau                 eng d</marc:controlfield>
        <marc:datafield tag="035" ind1=" " ind2=" ">
            <marc:subfield code="a">41161266</marc:subfield>
        </marc:datafield>
        <marc:datafield tag="040" ind1=" " ind2=" ">
            <marc:subfield code="a">NDD</marc:subfield>
            <marc:subfield code="b">eng</marc:subfield>
            <marc:subfield code="e">rda</marc:subfield>
            <marc:subfield code="e">dacs</marc:subfield>
            <marc:subfield code="c">NDD</marc:subfield>
            <marc:subfield code="d">OCLCF</marc:subfield>
            <marc:subfield code="d">NDD</marc:subfield>
        </marc:datafield>
        <marc:datafield tag="041" ind1=" " ind2=" ">
            <marc:subfield code="a">eng</marc:subfield>
        </marc:datafield>
        <marc:datafield tag="049" ind1=" " ind2=" ">
            <marc:subfield code="a">NDDP</marc:subfield>
        </marc:datafield>
        <marc:datafield tag="100" ind1="1" ind2=" ">
            <marc:subfield code="a">Hudson, Charles,</marc:subfield>
            <marc:subfield code="d">1795-1881,</marc:subfield>
            <marc:subfield code="0">http://id.loc.gov/authorities/names/n89602845</marc:subfield>
            <marc:subfield code="e">creator.</marc:subfield>
        </marc:datafield>
        <marc:datafield tag="245" ind1="1" ind2="0">
            <marc:subfield code="a">Charles Hudson letter,</marc:subfield>
            <marc:subfield code="f">1876.</marc:subfield>
        </marc:datafield>
        <marc:datafield tag="264" ind1=" " ind2="0">
            <marc:subfield code="c">1876.</marc:subfield>
        </marc:datafield>
        <marc:datafield tag="300" ind1=" " ind2=" ">
            <marc:subfield code="a">1 item</marc:subfield>
        </marc:datafield>
        <marc:datafield tag="336" ind1=" " ind2=" ">
            <marc:subfield code="a">text</marc:subfield>
            <marc:subfield code="b">txt</marc:subfield>
            <marc:subfield code="2">rdacontent</marc:subfield>
        </marc:datafield>
        <marc:datafield tag="337" ind1=" " ind2=" ">
            <marc:subfield code="a">unmediated</marc:subfield>
            <marc:subfield code="b">n</marc:subfield>
            <marc:subfield code="2">rdamedia</marc:subfield>
        </marc:datafield>
        <marc:datafield tag="338" ind1=" " ind2=" ">
            <marc:subfield code="a">sheet</marc:subfield>
            <marc:subfield code="b">nb</marc:subfield>
            <marc:subfield code="2">rdacarrier</marc:subfield>
        </marc:datafield>
        <marc:datafield tag="500" ind1=" " ind2=" ">
            <marc:subfield code="a">Cataloged from Guide.</marc:subfield>
        </marc:datafield>
        <marc:datafield tag="545" ind1=" " ind2=" ">
            <marc:subfield code="a">Charles Hudson was a politician and author in Lexington, Middlesex County, Massachusetts.</marc:subfield>
        </marc:datafield>
        <marc:datafield tag="520" ind1="8" ind2=" ">
            <marc:subfield code="a">Personal letter of Charles Hudson.</marc:subfield>
        </marc:datafield>
        <marc:datafield tag="600" ind1="1" ind2="0">
            <marc:subfield code="a">Hudson, Charles,</marc:subfield>
            <marc:subfield code="d">1795-1881.</marc:subfield>
            <marc:subfield code="0">http://id.loc.gov/authorities/names/n89602845</marc:subfield>
        </marc:datafield>
        <marc:datafield tag="650" ind1=" " ind2="0">
            <marc:subfield code="a">Politicians</marc:subfield>
            <marc:subfield code="0">http://id.loc.gov/authorities/subjects/sh85104461</marc:subfield>
            <marc:subfield code="z">Massachusetts</marc:subfield>
            <marc:subfield code="0">http://id.loc.gov/authorities/names/n79007084</marc:subfield>
            <marc:subfield code="v">Correspondence.</marc:subfield>
            <marc:subfield code="0">http://id.loc.gov/authorities/subjects/sh99001488</marc:subfield>
        </marc:datafield>
        <marc:datafield tag="905" ind1=" " ind2=" ">
            <marc:subfield code="a">MARCIVE 20200818</marc:subfield>
        </marc:datafield>
    </marc:record>